@book{book:1317587,
   title =     {Mastering Bitcoin: Unlocking Digital Cryptocurrencies},
   author =    {Andreas M. Antonopoulos},
   publisher = {O'Reilly Media},
   isbn =      {1449374042, 9781449374044},
   year =      {2014},
   series =    {},
   edition =   {},
   volume =    {},
   url =       {http://gen.lib.rus.ec/book/index.php?md5=4cb78fa86ca2fe9502075bacdc0c4856}
}

@online{Walker,
  author = {Walker, Greg},
  title = {P2PK},,
  url ={https://learnmeabitcoin.com/technical/p2pk},
  urldate = {2021-03-01}
}